<?xml version="1.0" encoding="UTF-8"?><record xmlns="http://www.loc.gov/MARC21/slim" xmlns:cinclude="http://apache.org/cocoon/include/1.0" xmlns:zs="http://www.loc.gov/zing/srw/">
  <leader>00721cz  a2200169n  4500</leader>
  <controlfield tag="001">n 2008204558</controlfield>
  <controlfield tag="003">DLC</controlfield>
  <controlfield tag="005">20130326103952.0</controlfield>
  <controlfield tag="008">080415n| azannaabn          |a ana      </controlfield>
  <datafield tag="010" ind1=" " ind2=" ">
    <subfield code="a">n 2008204558</subfield>
  </datafield>
  <datafield tag="040" ind1=" " ind2=" ">
    <subfield code="a">DLC</subfield>
    <subfield code="b">eng</subfield>
    <subfield code="e">rda</subfield>
    <subfield code="c">DLC</subfield>
    <subfield code="d">DLC</subfield>
  </datafield>
  <datafield tag="110" ind1="2" ind2=" ">
    <subfield code="a">Osmania University.</subfield>
    <subfield code="b">Department of Telugu</subfield>
  </datafield>
  <datafield tag="410" ind1="2" ind2=" ">
    <subfield code="w">nnea</subfield>
    <subfield code="a">Osmania University.</subfield>
    <subfield code="b">Dept. of Telugu</subfield>
  </datafield>
  <datafield tag="410" ind1="2" ind2=" ">
    <subfield code="a">Osmania University.</subfield>
    <subfield code="b">Telugu Vibhāgaṃ</subfield>
  </datafield>
  <datafield tag="410" ind1="2" ind2=" ">
    <subfield code="a">Osmania University.</subfield>
    <subfield code="b">Teluguśākha</subfield>
  </datafield>
  <datafield tag="510" ind1="2" ind2=" ">
    <subfield code="w">r</subfield>
    <subfield code="i">Hierarchical superior:</subfield>
    <subfield code="a">Osmania University</subfield>
  </datafield>
  <datafield tag="670" ind1=" " ind2=" ">
    <subfield code="a">Annamacharyulu, bharatiya vaggeyakarulu, 2007:</subfield>
    <subfield code="b">t.p. (Dept. of Telugu, Osmania University, Hyderabad) cover (Teluguśākha, Usmāniayā Viśvavidyālayaṃ) prelim. p. i (Telugu Vibhāgaṃ)</subfield>
  </datafield>
</record>